<?xml version="1.0" encoding="UTF-8" ?>
<collection xmlns:xsi="http://www.w3.org/2001/XMLSchema-instance"
    xsi:schemaLocation="http://www.loc.gov/MARC21/slim
        http://www.loc.gov/standards/marcxml/schema/MARC21slim.xsd"
    xmlns="http://www.loc.gov/MARC21/slim">
<record>
  <leader>00257cam a2200493 i 4500</leader>
  <controlfield tag="001">b12673602</controlfield>
  <controlfield tag="003">LeBAU</controlfield>
  <controlfield tag="005">20170103</controlfield>
  <controlfield tag="008">970923s1908    ua            ||0 0 ara d</controlfield>
  <datafield tag="035" ind1=" " ind2=" ">
    <subfield code="a">ocn784456772</subfield>
  </datafield>
  <datafield tag="040" ind1=" " ind2=" ">
    <subfield code="a">LEAUB</subfield>
    <subfield code="b">ara</subfield>
    <subfield code="e">rda</subfield>
    <subfield code="c">LEAUB</subfield>
    <subfield code="d">LEAUB</subfield>
  </datafield>
  <datafield tag="082" ind1="0" ind2="4">
    <subfield code="a">922.97</subfield>
    <subfield code="2">20</subfield>
  </datafield>
  <datafield tag="100" ind1="1" ind2=" ">
    <subfield code="6">880-01</subfield>
    <subfield code="a">Bakhshī, Muḥammad ibn Muḥammad,</subfield>
    <subfield code="d">1628 or 1629-1686 or 1687,</subfield>
    <subfield code="e">author.</subfield>
  </datafield>
  <datafield tag="245" ind1="1" ind2="0">
    <subfield code="6">880-02</subfield>
    <subfield code="a">Hādhā kitāb Shams al-mafākhir :</subfield>
    <subfield code="b">dhayl kitāb Qalāʼid al-jawāhir fī dhikr dhurrīyat sulṭān al-awlīyā’ al-akābir bāz Allāh al-ashhab ‘ilm al-sharq al-ghawth al-a‘ẓam al-rabbānī al-ḥasīb al-nasīb al-sharīf al-Sayyid al-Imām al-humām shaykh al-Islām Abī Sāliḥ Muḥyī al-Dīn ʻAbd al-Qādir al-Jīlānī al-Ḥasanī al-Ḥusaynī /</subfield>
    <subfield code="c">taʼlīf al-imām al-humām al-‘ālim al-‘allāmah wa-al-baḥr al-fahhāmah mawlānā al-Shaykh Muḥammad ibn Muḥammad ibn Muḥammad al-Bakhshī al-Ḥalabī al-shāfi‘ī al-mutawaffá sanat 1098.</subfield>
  </datafield>
  <datafield tag="246" ind1="3" ind2="0">
    <subfield code="6">880-03</subfield>
    <subfield code="a">kitāb Shams al-mafākhir</subfield>
  </datafield>
  <datafield tag="246" ind1="3" ind2="0">
    <subfield code="6">880-04</subfield>
    <subfield code="a">Shams al-mafākhir</subfield>
  </datafield>
  <datafield tag="264" ind1=" " ind2="1">
    <subfield code="6">880-05</subfield>
    <subfield code="a">Miṣr :</subfield>
    <subfield code="b">Maṭba‘at al-Sa‘ādah,</subfield>
    <subfield code="c">1326 H., [1908? M.]</subfield>
  </datafield>
  <datafield tag="300" ind1=" " ind2=" ">
    <subfield code="6">880-06</subfield>
    <subfield code="a">3, 128 pages ;</subfield>
    <subfield code="c">19 cm</subfield>
  </datafield>
  <datafield tag="336" ind1=" " ind2=" ">
    <subfield code="a">text</subfield>
    <subfield code="b">txt</subfield>
    <subfield code="2">rdacontent</subfield>
  </datafield>
  <datafield tag="337" ind1=" " ind2=" ">
    <subfield code="a">unmediated</subfield>
    <subfield code="b">n</subfield>
    <subfield code="2">rdamedia</subfield>
  </datafield>
  <datafield tag="338" ind1=" " ind2=" ">
    <subfield code="a">volume</subfield>
    <subfield code="b">nc</subfield>
    <subfield code="2">rdacarrier</subfield>
  </datafield>
  <datafield tag="600" ind1="1" ind2="4">
    <subfield code="a">التاذفي، محمد بن يحيى،</subfield>
    <subfield code="d">1493 او 1494-1555 او 1556.</subfield>
    <subfield code="t">قلائد الجواهر.</subfield>
  </datafield>
  <datafield tag="600" ind1="0" ind2="4">
    <subfield code="a">عبد القادر الجيلاني،</subfield>
    <subfield code="d">-1166.</subfield>
  </datafield>
  <datafield tag="600" ind1="0" ind2="4">
    <subfield code="a">عبد القادر الجيلاني،</subfield>
    <subfield code="d">-1166</subfield>
    <subfield code="x">العائلة.</subfield>
  </datafield>
  <datafield tag="600" ind1="1" ind2="0">
    <subfield code="a">Tādhifī, Muḥammad ibn Yaḥyá,</subfield>
    <subfield code="d">1493 or 1494-1555 or 1556.</subfield>
    <subfield code="t">Qalāʼid al-jawāhir.</subfield>
  </datafield>
  <datafield tag="600" ind1="0" ind2="0">
    <subfield code="a">ʻAbd al-Qādir al-Jīlānī,</subfield>
    <subfield code="d">-1166.</subfield>
  </datafield>
  <datafield tag="600" ind1="0" ind2="0">
    <subfield code="a">ʻAbd al-Qādir al-Jīlānī,</subfield>
    <subfield code="d">-1166</subfield>
    <subfield code="x">Family.</subfield>
  </datafield>
  <datafield tag="650" ind1=" " ind2="4">
    <subfield code="a">القادرية</subfield>
    <subfield code="x">أنساب.</subfield>
  </datafield>
  <datafield tag="650" ind1=" " ind2="4">
    <subfield code="a">المتصوفون</subfield>
    <subfield code="v">أنساب.</subfield>
  </datafield>
  <datafield tag="650" ind1=" " ind2="0">
    <subfield code="a">Qādirīyah</subfield>
    <subfield code="x">Genealogy.</subfield>
  </datafield>
  <datafield tag="650" ind1=" " ind2="0">
    <subfield code="a">Sufis</subfield>
    <subfield code="x">Genealogy.</subfield>
  </datafield>
  <datafield tag="787" ind1="0" ind2=" ">
    <subfield code="6">880-07</subfield>
    <subfield code="i">is sequel to (work):</subfield>
    <subfield code="t">Qalāʼid al-jawāhir fī manāqib tāj al-awliyāʼ wa-maʻdan al-aṣfiyāʼ wa-sulṭān al-awliyāʼ al-quṭb al-rabbānī al-Shaykh Muḥyī al-Dīn ʻAbd al-Qādir al-Jīlānī</subfield>
    <subfield code="d">Miṣr : Maṭba‘at Miṣr Sharikah Musāhimah Miṣrīyah, 1931</subfield>
    <subfield code="w">(OCoLC)784450174</subfield>
    <subfield code="w">(OCoLC)784450174</subfield>
  </datafield>
  <datafield tag="852" ind1=" " ind2=" ">
    <subfield code="a">Jafet Library</subfield>
    <subfield code="e">American University of Beirut, Bliss Street , Beirut, Lebanon.</subfield>
  </datafield>
  <datafield tag="880" ind1="1" ind2=" ">
    <subfield code="6">100-01/(3/r</subfield>
    <subfield code="a">البخشي، محمد بن محمد،</subfield>
    <subfield code="d">1628 او 1629-1686 او 1687،</subfield>
    <subfield code="e">مؤلف. </subfield>
    <subfield code="4">aut.</subfield>
  </datafield>
  <datafield tag="880" ind1="1" ind2="0">
    <subfield code="6">245-02/(3/r</subfield>
    <subfield code="a">هذا كتاب شمس المفاخر :</subfield>
    <subfield code="b">ذيل لكتاب قلائد الجواهر في ذكر ذرية سلطان الأولياء الأكابر باز الله الأشهب علم الشرق الغوث الأعظم الرباني الحسيب النسيب الشريف السيد الإمام الهمام شيخ الإسلام أبي صالح محي الدين عبد القادر الجيلاني الحسني الحسيني /</subfield>
    <subfield code="c">تأليف الإمام الهمام العالم العلامة والبحر الفهامة مولانا الشيخ محمد إبن محمد بن محمد البخشي الحلبي الشافعي المتوفى سنة 1098.</subfield>
  </datafield>
  <datafield tag="880" ind1="3" ind2="0">
    <subfield code="6">246-03/(3/r</subfield>
    <subfield code="a">كتاب شمس المفاخر</subfield>
  </datafield>
  <datafield tag="880" ind1="3" ind2="0">
    <subfield code="6">246-04/(3/r</subfield>
    <subfield code="a">شمس المفاخر</subfield>
  </datafield>
  <datafield tag="880" ind1=" " ind2="1">
    <subfield code="6">264-05/(3/r</subfield>
    <subfield code="a">مصر :</subfield>
    <subfield code="b">مطبعة السعادة،</subfield>
    <subfield code="c">1326 هـ.، [1908؟ م.]</subfield>
  </datafield>
  <datafield tag="880" ind1=" " ind2=" ">
    <subfield code="6">300-06/(3/r</subfield>
    <subfield code="a">3، 128 صفحة ؛</subfield>
    <subfield code="c">19 سم</subfield>
  </datafield>
  <datafield tag="880" ind1="0" ind2=" ">
    <subfield code="6">787-07/(3/r</subfield>
    <subfield code="i">ذيل لـ (عمل):</subfield>
    <subfield code="t">قلائد الجواهر في مناقب تاج الأولياء ومعدن الأصفياء وسلطان الأولياء القطب الرباني الشيخ محي الدين عبد القادر الجيلاني</subfield>
    <subfield code="d">مصر : مطبعة مصر شركة مساهمة مصرية، 1931</subfield>
    <subfield code="w">b12652544</subfield>
    <subfield code="w">(OCoLC)784450174</subfield>
  </datafield>
  <datafield tag="907" ind1=" " ind2=" ">
    <subfield code="a">.b12673602</subfield>
    <subfield code="b">17-01-10</subfield>
    <subfield code="c">11-05-24</subfield>
  </datafield>
  <datafield tag="907" ind1=" " ind2=" ">
    <subfield code="a">.b12673602</subfield>
    <subfield code="b">11-10-11</subfield>
    <subfield code="c">11-05-24</subfield>
  </datafield>
  <datafield tag="945" ind1=" " ind2=" ">
    <subfield code="f">J</subfield>
    <subfield code="a">922.97:B161sA:c.1</subfield>
    <subfield code="i">01051922</subfield>
    <subfield code="j">.i13212904</subfield>
    <subfield code="l">u0503</subfield>
  </datafield>
  <datafield tag="998" ind1=" " ind2=" ">
    <subfield code="a">u05</subfield>
    <subfield code="b">97-09-23</subfield>
    <subfield code="c">m</subfield>
    <subfield code="d">a</subfield>
    <subfield code="e">-</subfield>
    <subfield code="f">ara</subfield>
    <subfield code="g">ua </subfield>
    <subfield code="h">0</subfield>
    <subfield code="i">1</subfield>
  </datafield>
</record>
</collection>
